@article{dyson1970correlations,
  title={Correlations between eigenvalues of a random matrix},
  author={Dyson, Freeman J},
  journal={Communications in Mathematical Physics},
  volume={19},
  number={3},
  pages={235--250},
  year={1970},
  publisher={Springer}
}

@article{yoshimura2019enumerating,
  title={Enumerating Hub Motifs in Time Series Based on the Matrix Profile},
  author={Yoshimura, Genta and Kanemura, Atsunori and Asoh, Hideki},
  year={2019}
}


@article{ferrari2019homogenization,
  title={On the homogenization of heterogeneous inertial-based databases for human activity recognition},
  author={Ferrari, Anna and Mobilio, Marco and Micucci, Daniela and Napoletano, Paolo},
  booktitle={2019 IEEE World Congress on Services (SERVICES)},
  volume={2642},
  pages={295--300},
  year={2019},
  organization={IEEE}
}

@article{saeed2019multi,
  title={Multi-task Self-Supervised Learning for Human Activity Detection},
  author={Saeed, Aaqib and Ozcelebi, Tanir and Lukkien, Johan},
  journal={Proceedings of the ACM on Interactive, Mobile, Wearable and Ubiquitous Technologies},
  volume={3},
  number={2},
  pages={1--30},
  year={2019},
  publisher={ACM New York, NY, USA}
}

@article{masum2019human,
  title={Human Activity Recognition Using Accelerometer, Gyroscope and Magnetometer Sensors: Deep Neural Network Approaches},
  author={Masum, Abdul Kadar Muhammad and Bahadur, Erfanul Hoque and Shan-A-Alahi, Ahmed and Chowdhury, Md Akib Uz Zaman and Uddin, Mir Reaz and Al Noman, Abdullah},
  booktitle={2019 10th International Conference on Computing, Communication and Networking Technologies (ICCCNT)},
  pages={1--6},
  year={2019},
  organization={IEEE}
}

@article{ferrari2019hand,
  title={Hand-crafted features vs residual networks for human activities recognition using accelerometer},
  author={Ferrari, Anna and Micucci, Daniela and Mobilio, Marco and Napoletano, Paolo},
  booktitle={2019 IEEE 23rd International Symposium on Consumer Technologies (ISCT)},
  pages={153--156},
  year={2019},
  organization={IEEE}
}

@article{he2016deep,
  title={Deep residual learning for image recognition},
  author={He, Kaiming and Zhang, Xiangyu and Ren, Shaoqing and Sun, Jian},
  booktitle={Proceedings of the IEEE conference on computer vision and pattern recognition},
  pages={770--778},
  year={2016}
}

@article{malekzadeh2018protecting,
  title={Protecting sensory data against sensitive inferences},
  author={Malekzadeh, Mohammad and Clegg, Richard G and Cavallaro, Andrea and Haddadi, Hamed},
  booktitle={Proceedings of the 1st Workshop on Privacy by Design in Distributed Systems},
  pages={1--6},
  year={2018}
}

@article{sitova2015hmog,
  title={HMOG: New behavioral biometric features for continuous authentication of smartphone users},
  author={Sitov{\'a}, Zde{\v{n}}ka and {\v{S}}ed{\v{e}}nka, Jaroslav and Yang, Qing and Peng, Ge and Zhou, Gang and Gasti, Paolo and Balagani, Kiran S},
  journal={IEEE Transactions on Information Forensics and Security},
  volume={11},
  number={5},
  pages={877--892},
  year={2015},
  publisher={IEEE}
}

@inproceedings{anguita2013public,
  title={A public domain dataset for human activity recognition using smartphones.},
  author={Anguita, Davide and Ghio, Alessandro and Oneto, Luca and Parra, Xavier and Reyes-Ortiz, Jorge Luis},
  booktitle={Esann},
  year={2013}
}

@inproceedings{vavoulas2016mobiact,
  title={The MobiAct Dataset: Recognition of Activities of Daily Living using Smartphones.},
  author={Vavoulas, George and Chatzaki, Charikleia and Malliotakis, Thodoris and Pediaditis, Matthew and Tsiknakis, Manolis},
  booktitle={ICT4AgeingWell},
  pages={143--151},
  year={2016}
}

@book{apel1987principles,
  title={Principles of ocean physics},
  author={Apel, John R},
  year={1987},
  publisher={Academic Press}
}

@article{hirt2013new,
  title={New ultrahigh-resolution picture of Earth's gravity field},
  author={Hirt, Christian and Claessens, Sten and Fecher, Thomas and Kuhn, Michael and Pail, Roland and Rexer, Moritz},
  journal={Geophysical research letters},
  volume={40},
  number={16},
  pages={4279--4283},
  year={2013},
  publisher={Wiley Online Library}
}

@misc{interview,
  author = "Adams, Colin M.",
  title = "{``The Glory Dayz: An Oral Account of the Recent History of CMS Cross Country''}",
  date = "2020-05-27",
  howpublished = "A very formal interview by Eli J.\ Weissler"
}

@article{kok2017using,
  title={Using inertial sensors for position and orientation estimation},
  author={Kok, Manon and Hol, Jeroen D and Sch{\"o}n, Thomas B},
  journal={arXiv preprint arXiv:1704.06053},
  year={2017}
}